<?xml version="1.0" encoding="UTF-8"?><collection xmlns="http://www.loc.gov/MARC21/slim"><record><leader>00507nam--2200181-i-4500</leader><controlfield tag="001">000005028</controlfield><controlfield tag="002">20161230</controlfield><controlfield tag="005">20161230201026</controlfield><controlfield tag="008">060222s1000------------r-----000-0-eng-d</controlfield><datafield ind1=" " ind2=" " tag="040"><subfield code="a">IFIN-HH</subfield></datafield><datafield ind1=" " ind2=" " tag="080"><subfield code="a">519.283:681.3.06</subfield></datafield><datafield ind1="1" ind2=" " tag="100"><subfield code="a">Dennis, Jack B</subfield></datafield><datafield ind1="1" ind2="0" tag="245"><subfield code="a">Mathematical programming and electrical networks</subfield><subfield code="c">Jack b. dennis</subfield></datafield><datafield ind1=" " ind2=" " tag="260"><subfield code="a">New York</subfield><subfield code="b">John Wiley</subfield><subfield code="c">1959</subfield></datafield><datafield ind1=" " ind2=" " tag="300"><subfield code="a">VI+186P</subfield></datafield><datafield ind1=" " ind2=" " tag="490"><subfield code="a">Technology Press Research Monographs</subfield></datafield><datafield ind1=" " ind2=" " tag="852"><subfield code="a">15364</subfield><subfield code="c">519.283</subfield></datafield><datafield ind1=" " ind2=" " tag="CAT"><subfield code="a">Sys</subfield><subfield code="c">20130806</subfield><subfield code="h">123238</subfield></datafield></record></collection>